@manual{pcb_design_notes,
	title        = "C8051Fxxx Printed Circuit Board Design Notes",
	organization = "Silicon Labs",
	edition      = "Preliminary Rev. 0.1 11/06",
	year         = "2006",
}

@manual{atx,
	title        = "ATX Specification",
	organization = "Intel",
	edition      = "Version 2.2",
	year         = "2004",
}

@misc{mbed,
	title="Mbed NXP LPC1768 Technical Reference",
	author="NXP",
	howpublished="\url{http://mbed.org/handbook/mbed-NXP-LPC1768}",
	note="Accessed 29 March 2012",
}

@misc{mbedcompiler,
	title="Mbed Compiler",
	author="NXP",
	howpublished="\url{http://mbed.org/handbook/mbed-Compiler}",
	note="Accessed 4 April 2012",
}

@manual{MOSFET,
	title        = "IRLU8729PbF Datasheet",
	organization = "International Rectifier",
	edition      = "11/23/09",
	year         = "2009",
}

@misc{stepperControllerBoardPhoto,
	title="Stepper Controller Board Photo",
	author="RepRap",
	howpublished="RepRap Wiki \url{http://reprap.org/wiki/File:Cache-3218206144_6461b3e2c0.jpg}",
	note="Used under GNU Free Documentation License 1.2. Accessed 29 March 2012",
}

@article{Steinhart1968497,
title = "Calibration curves for thermistors",
journal = "Deep Sea Research and Oceanographic Abstracts",
volume = "15",
number = "4",
pages = "497 - 503",
year = "1968",
note = "",
issn = "0011-7471",
doi = "10.1016/0011-7471(68)90057-0",
url = "http://www.sciencedirect.com/science/article/pii/0011747168900570",
author = "John S. Steinhart and Stanley R. Hart"
}

@manual{lpc1768,
	title        = "LPC17xx User manual (UM10360)",
	organization = "NXP Semiconductors",
	edition      = "Rev. 2 â€” 19 August 2010",
	year         = "2010",
}

@misc{maximadc,
	title="Understanding SAR ADCs: Their Architecture and Comparison with Other ADCs",
	author="Maxim",
	howpublished="\url{http://www.maxim-ic.com/app-notes/index.mvp/id/1080}",
	year="2001",
	note="Accessed 4 April 2012",
}

@book{controleng,
	author="Stuart Bennett",
	year="1993",
	title="A history of control engineering, 1930-1955",
	publisher="IET",
	note="p. p. 48, ISBN 978-0-86341-299-8",
}
